@Misc{Kroetzsch2020,
  author       = {Markus Krötzsch},
  howpublished = {{Available at \url{https://iccl.inf.tu-dresden.de/web/Knowledge_Graphs_(WS2020)/en} 2022-10-01}},
  title        = {{Knowledge Graphs}},
  year         = {2020},
}

@Article{Hogan2021,
  author     = {Hogan, Aidan and Blomqvist, Eva and Cochez, Michael and D’amato, Claudia and Melo, Gerard De and Gutierrez, Claudio and Kirrane, Sabrina and Gayo, Jos\'{e} Emilio Labra and Navigli, Roberto and Neumaier, Sebastian and Ngomo, Axel-Cyrille Ngonga and Polleres, Axel and Rashid, Sabbir M. and Rula, Anisa and Schmelzeisen, Lukas and Sequeda, Juan and Staab, Steffen and Zimmermann, Antoine},
  journal    = {ACM Comput. Surv.},
  title      = {{Knowledge Graphs}},
  year       = {2021},
  issn       = {0360-0300},
  month      = {jul},
  number     = {4},
  volume     = {54},
  abstract   = {In this article, we provide a comprehensive introduction to knowledge graphs, which have recently garnered significant attention from both industry and academia in scenarios that require exploiting diverse, dynamic, large-scale collections of data. After some opening remarks, we motivate and contrast various graph-based data models, as well as languages used to query and validate knowledge graphs. We explain how knowledge can be represented and extracted using a combination of deductive and inductive techniques. We conclude with high-level future research directions for knowledge graphs.},
  address    = {New York, NY, USA},
  articleno  = {71},
  doi        = {10.1145/3447772},
  issue_date = {May 2022},
  keywords   = {graph databases, ontologies, graph neural networks, embeddings, graph algorithms, Knowledge graphs, rule mining, shapes, graph query languages},
  numpages   = {37},
  publisher  = {Association for Computing Machinery},
  url        = {https://doi.org/10.1145/3447772},
}

@Article{Nonaka1995,
  author  = {Nonaka, Ikujiro},
  journal = {New York},
  title   = {Takeuchi.(1995) the knowledge creating company},
  year    = {1995},
}

@Book{R.Cyganiak2014,
  editor       = {Cyganiak, R. and Wood, D. and Lanthaler, M.},
  publisher    = {W3C Recommendation},
  title        = {{RDF 1.1 Concepts and Abstract Syntax}},
  year         = {25 February 2014},
  note         = {{Available at \url{https://www.w3.org/TR/rdf11-concepts/}}},
  howpublished = {{Available at \url{https://www.w3.org/TR/rdf11-concepts/}}},
}

@Misc{Tehnologies2022,
  author       = {Oxford Semantic Tehnologies},
  howpublished = {{Available at \url{https://www.oxfordsemantic.tech/fundamentals/what-is-an-iri-what-does-iri-mean} 2022-11-28}},
  note         = {Last accessed 03 Januray 2023},
  title        = {{What is an IRI? (What does IRI mean?)}},
  year         = {2022},
}

@Misc{Seaborne2020,
  author       = {Andy Seaborne},
  howpublished = {{\url{https://afs.github.io/rdf-iri-syntax.html}}},
  note         = {Last accessed 23 March 2023},
  title        = {{RDF and IRI Syntax}},
  year         = {2020},
  url          = {https://afs.github.io/rdf-iri-syntax.html},
}

@Book{Brickley2014,
  editor       = {D. Brickley and R. V. Guha},
  publisher    = {W3C Recommendation},
  title        = {{RDF Schema 1.1}},
  year         = {25 February 2014},
  note         = {{Available at \url{https://www.w3.org/TR/rdf-schema/}}},
  howpublished = {{Available at \url{https://www.w3.org/TR/rdf-schema/}}},
}

@Book{W3C2011,
  editor       = {W3C},
  publisher    = {W3C Recommendation},
  title        = {{RdfSyntax}},
  year         = {2011},
  note         = {{Available at \url{https://www.w3.org/wiki/RdfSyntax}}},
  howpublished = {{Available at \url{https://www.w3.org/wiki/RdfSyntax}}},
}

@Book{C.B.Aranda2013,
  editor       = {C. B. Aranda and O. Corby and S. Das and L. Feigenbaum and P. Gearon and B. Glimm and S. Harris and S. Hawke and I. Herman and N. Humfrey and N. Michaelis and C. Ogbuji and M. Perry and A. Passant and A. Polleres and E. Prud'hommeaux and A. Seaborne and G. T. Williams},
  publisher    = {W3C Recommendation},
  title        = {{SPARQL 1.1 Overview}},
  year         = {21 March 2013},
  note         = {{Available at \url{https://www.w3.org/TR/sparql11-overview/}}},
  howpublished = {{Available at \url{https://www.w3.org/TR/sparql11-overview/}}},
}

@Book{E.Prudhommeaux2005,
  editor       = {E. Prud'hommeaux and A. Seaborne},
  publisher    = {W3C Recommendation},
  title        = {{SPARQL Query Language for RDF}},
  year         = {15 January 2008},
  note         = {{Available at \url{https://www.w3.org/TR/rdf-sparql-query/}}},
  howpublished = {{Available at \url{https://www.w3.org/TR/rdf-sparql-query/}}},
}

@Misc{Foundationa,
  author       = {Wikimedia Foundation},
  howpublished = {{\url{https://www.wikidata.org/wiki/Wikidata:Main_Page}}},
  note         = {Last accessed 12 December 2022},
  title        = {{Welcome to Wikidata}},
  year         = {2014},
  url          = {https://www.wikidata.org/wiki/Wikidata:Main_Page},
}

@Misc{Carpentry2016,
  author       = {Library Carpentry},
  howpublished = {{Available at \url{https://librarycarpentry.org/lc-wikidata/01-introduction/index.html} 2022-12-04}},
  note         = {Last accessed 03 April 2023},
  title        = {{What is Wikidata?}},
  year         = {2016},
}

@Misc{Wikidata2022,
  author       = {Wikidata},
  howpublished = {{\url{https://www.wikidata.org/wiki/Wikidata:Data_access}}},
  note         = {Last accessed 03 April 2023},
  title        = {Wikidata:Data access},
  year         = {2022},
  url          = {https://www.wikidata.org/wiki/Wikidata:Data_access},
}

@Article{Ji2022,
  author  = {Ji, Shaoxiong and Pan, Shirui and Cambria, Erik and Marttinen, Pekka and Yu, Philip S.},
  journal = {IEEE Transactions on Neural Networks and Learning Systems},
  title   = {{A Survey on Knowledge Graphs: Representation, Acquisition, and Applications}},
  year    = {2022},
  number  = {2},
  pages   = {494-514},
  volume  = {33},
  doi     = {10.1109/TNNLS.2021.3070843},
}

@InProceedings{Bordes2011,
  author    = {Bordes, Antoine and Weston, Jason and Collobert, Ronan and Bengio, Yoshua},
  booktitle = {Twenty-fifth AAAI conference on artificial intelligence},
  title     = {Learning structured embeddings of knowledge bases},
  year      = {2011},
}

@InProceedings{Bonduel2019,
  author    = {{Bonduel, Mathias and Wagner, Anna and Pauwels, Pieter and Vergauwen, Maarten and Klein, Ralf}},
  booktitle = {{Proceedings of the 2019 European Conference for Computing in Construction}},
  title     = {{Including widespread geometry formats in semantic graphs using RDF literals}},
  year      = {{2019}},
  pages     = {{341--350}},
  publisher = {{European Council on Computing in Construction}},
  isbn      = {{9781910963371}},
  issn      = {{2684-1150}},
  keywords  = {{BIM, linked data, linked building data, semantic web, geometry}},
  language  = {{eng}},
  location  = {{Chania, Crete, Greece}},
  url       = {{http://dx.doi.org/10.35490/ec3.2019.166}},
}

@InProceedings{Erxleben2014,
  author       = {Erxleben, Fredo and G{\"u}nther, Michael and Kr{\"o}tzsch, Markus and Mendez, Julian and Vrande{\v{c}}i{\'c}, Denny},
  booktitle    = {International semantic web conference},
  title        = {{Introducing Wikidata to the linked data web}},
  year         = {2014},
  organization = {Springer},
  pages        = {50--65},
}

@Misc{Foundation,
  author       = {Wikimedia Foundation},
  howpublished = {{\url{https://www.wikidata.org/wiki/Wikidata:Relation_between_properties_in_RDF_and_in_Wikidata}}},
  note         = {Last accessed 03 April 2023},
  title        = {{Wikidata:Relation between properties in RDF and in Wikidata}},
  year         = {2014},
  url          = {https://www.wikidata.org/wiki/Wikidata:Relation_between_properties_in_RDF_and_in_Wikidata},
}

@Article{Perez2009,
  author     = {P\'{e}rez, Jorge and Arenas, Marcelo and Gutierrez, Claudio},
  journal    = {ACM Trans. Database Syst.},
  title      = {{Semantics and Complexity of SPARQL}},
  year       = {2009},
  issn       = {0362-5915},
  month      = {sep},
  number     = {3},
  volume     = {34},
  address    = {New York, NY, USA},
  articleno  = {16},
  doi        = {10.1145/1567274.1567278},
  issue_date = {August 2009},
  keywords   = {semantic Web, query language, Complexity, SPARQL, RDF},
  numpages   = {45},
  publisher  = {Association for Computing Machinery},
  url        = {https://doi.org/10.1145/1567274.1567278},
}

@Book{Seaborne,
  editor       = {A. Seaborne and S. Harris},
  publisher    = {W3C Recommendation},
  title        = {{SPARQL 1.1 Query Language}},
  year         = {21 March 2013},
  note         = {{Available at \url{https://www.w3.org/TR/2013/REC-sparql11-query-20130321/}}},
  howpublished = {{Available at \url{https://www.w3.org/TR/2013/REC-sparql11-query-20130321/}}},
}

@Book{Ruth2013,
  author    = {Ruth, L. and Wood, D. and Zaidman, M. and Hausenblas, M.},
  publisher = {Manning},
  title     = {{Linked Data: Structured data on the Web}},
  year      = {2013},
  isbn      = {9781638352167},
  note      = {{ISBN: 9781638352167}},
  lccn      = {2012276682},
  url       = {https://books.google.de/books?id=hTozEAAAQBAJ},
}

@InProceedings{Taelman2018,
  author    = {Taelman, Ruben and Vander Sande, Miel and Verborgh, Ruben},
  booktitle = {ISWC2018, the 17th International Semantic Web Conference},
  title     = {{GraphQL-LD: linked data querying with GraphQL}},
  year      = {2018},
  pages     = {1--4},
}

@InProceedings{Werbrouck2019,
  author       = {Werbrouck, Jeroen and Senthilvel, Madhumitha and Beetz, Jakob and Pauwels, Pieter},
  booktitle    = {7th International Workshop on Linked Data in Architecture and Construction},
  title        = {{Querying Heterogeneous Linked Building Data with Context-expanded GraphQL Queries}},
  year         = {2019},
  organization = {CEUR-WS. org},
  pages        = {21--34},
}

@InProceedings{Angele2022,
  author    = {Angele, Kevin and Meitinger, Manuel and Bu{\ss}j{\"a}ger, Marc and F{\"o}hl, Stephan and Fensel, Anna},
  booktitle = {Proceedings of the 37th ACM/SIGAPP Symposium on Applied Computing},
  title     = {{GraphSPARQL: A GraphQL Interface for Linked Data}},
  year      = {2022},
  pages     = {778--785},
}

@Misc{D.Booth2019,
  author       = {D. Booth and C. G. Chute and H. Glaser and H. Solbrig},
  howpublished = {W3C Workshop on Web Standardization for Graph Data},
  title        = {{Toward Easier RDF}},
  year         = {2019},
}

@InProceedings{Lisena2019,
  author    = {Lisena, Pasquale and Mero{\~{n}}o-Pe{\~{n}}uela, Albert and Kuhn, Tobias and Troncy, Rapha{\"e}l},
  booktitle = {The Semantic Web -- ISWC 2019},
  title     = {{Easy Web API Development with SPARQL Transformer}},
  year      = {2019},
  address   = {Cham},
  editor    = {Ghidini, Chiara and Hartig, Olaf and Maleshkova, Maria and Sv{\'a}tek, Vojt{\v{e}}ch and Cruz, Isabel and Hogan, Aidan and Song, Jie and Lefran{\c{c}}ois, Maxime and Gandon, Fabien},
  pages     = {454--470},
  publisher = {Springer International Publishing},
  isbn      = {978-3-030-30796-7},
}

@InProceedings{Lisena2018,
  author    = {Lisena, Pasquale and Troncy, Rapha\"{e}l},
  booktitle = {Companion Proceedings of the The Web Conference 2018},
  title     = {{Transforming the JSON Output of SPARQL Queries for Linked Data Clients}},
  year      = {2018},
  address   = {Republic and Canton of Geneva, CHE},
  pages     = {775–780},
  publisher = {International World Wide Web Conferences Steering Committee},
  series    = {WWW '18},
  doi       = {10.1145/3184558.3188739},
  isbn      = {9781450356404},
  keywords  = {transformer, sparql, javascript, json-ld, json},
  location  = {Lyon, France},
  numpages  = {6},
  url       = {https://doi.org/10.1145/3184558.3188739},
}

@Misc{Dresslar2019,
  author       = {P. Dresslar},
  howpublished = {{\url{https://shorturl.at/fxUZ3}}},
  note         = {Last accessed 03 April 2023},
  title        = {{R}eady for {G}raph{QL} {S}idebar: {G}raph{QL} vs. {SPARQL}?},
  year         = {2019},
  url          = {https://medium.com/@peterdresslar/ready-for-graphql-sidebar-graphql-vs-sparql-4f2eb5246c12},
}

@Article{Tharani2021,
  author   = {Karim Tharani},
  journal  = {The Journal of Academic Librarianship},
  title    = {{Much more than a mere technology: A systematic review of Wikidata in libraries}},
  year     = {2021},
  issn     = {0099-1333},
  number   = {2},
  pages    = {102326},
  volume   = {47},
  doi      = {https://doi.org/10.1016/j.acalib.2021.102326},
  keywords = {Wikidata, Structured data repository, Linked data, Semantic web},
  url      = {https://www.sciencedirect.com/science/article/pii/S0099133321000173},
}

@InProceedings{Taelman2019,
  author    = {Taelman, Ruben and Vander Sande, Miel and Verborgh, Ruben},
  booktitle = {W3C Workshop on Web Standardization for Graph Data. W3C},
  title     = {{Bridges between GraphQL and RDF}},
  year      = {2019},
}

@InProceedings{Gleim2020,
  author    = {Gleim, Lars Christoph and Holzheim, Tim and Koren, Istv{\'a}n and Decker, Stefan},
  booktitle = {ASLD@ ISWC},
  title     = {{Automatic Bootstrapping of GraphQL Endpoints for RDF Triple Stores}},
  year      = {2020},
  pages     = {119--134},
}

@Article{Sporny2014,
  author  = {Sporny, Manu and Kellogg, Gregg and Lanthaler, Markus},
  journal = {W3C Recommendation},
  title   = {{JSON-LD 1.0 - A JSON-based Serialization for Linked Data}},
  year    = {2014},
  month   = {01},
}

@Book{Harris2013,
  editor    = {S. Harris and A. Seaborne},
  publisher = {W3C Recommendation},
  title     = {{SPARQL 1.1 Query Language}},
  year      = {2013},
  month     = mar,
  note      = {Available at \url{https://www.w3.org/TR/sparql11-query/#sparqlQuery}},
}

@Misc{GraphQL,
  author       = {{The GraphQL Foundation}},
  howpublished = {{\url{https://graphql.org/learn/queries/}}},
  note         = {Last accessed 03 April 2022},
  title        = {{Queries and Mutations}},
  url          = {https://graphql.org/learn/queries/},
}

@Misc{Wikipedia2017,
  author       = {Wikipedia},
  howpublished = {{\url{https://en.wikipedia.org/wiki/Wikidata}}},
  note         = {Last accessed 31 January 2023},
  title        = {Wikidata},
  year         = {2017},
  url          = {https://en.wikipedia.org/wiki/Wikidata},
}

@Misc{Wikidata2014,
  author       = {Wikidata},
  howpublished = {{\url{https://https://www.wikidata.org/wiki/Help:About_data}}},
  note         = {Last accessed 31 January 2023},
  title        = {Help:About data},
  year         = {2014},
  url          = {https://https://www.wikidata.org/wiki/Help:About_data},
}

@InProceedings{Werbrouck2019a,
  author    = {Werbrouck, Jeroen and Senthilvel, Madhumitha and Beetz, Jakob and Bourreau, Pierre and Van Berlo, L{\'e}on},
  booktitle = {26th International Workshop on Intelligent Computing in Engineering, EG-ICE 2019},
  title     = {Semantic query languages for knowledge-based web services in a construction context},
  year      = {2019},
  volume    = {2394},
}

@Article{Nickel2015,
  author    = {Nickel, Maximilian and Murphy, Kevin and Tresp, Volker and Gabrilovich, Evgeniy},
  journal   = {Proceedings of the IEEE},
  title     = {{A Review of Relational Machine Learning for Knowledge Graphs}},
  year      = {2015},
  number    = {1},
  pages     = {11--33},
  volume    = {104},
  publisher = {IEEE},
}

@Misc{GraphQLa,
  author       = {{The GraphQL Foundation}},
  howpublished = {{\url{https://graphql.org/}}},
  note         = {Last accessed 03 April 2023},
  title        = {{GraphQL}},
  url          = {https://graphql.org/},
}

@Book{Beckett,
  editor       = {D. Beckett},
  publisher    = {W3C Recommendation},
  title        = {{RDF 1.1 N-Triples}},
  year         = {25 February 2014},
  note         = {{Available at \url{https://www.w3.org/TR/n-triples/}}},
  howpublished = {{Available at \url{https://www.w3.org/TR/n-triples/}}},
}

@Book{D.Beckett,
  editor       = {D. Beckett and T. Berners-Lee and E. Prud'hommeaux and G. Carothers},
  publisher    = {W3C Recommendation},
  title        = {{RDF 1.1 Turtle}},
  year         = {25 February 2014},
  note         = {{Available at \url{https://www.w3.org/TR/turtle/}}},
  howpublished = {{Available at \url{https://www.w3.org/TR/turtle/}}},
}

@Misc{MediaWiki,
  author       = {MediaWiki},
  howpublished = {{\url{https://www.mediawiki.org/wiki/Wikibase/DataModel}}},
  note         = {Last accesed 27 March 2023},
  title        = {{Wikibase/DataModel}},
  year         = {2014},
  url          = {https://www.mediawiki.org/wiki/Wikibase/DataModel},
}

@Comment{jabref-meta: databaseType:bibtex;}
